@ARTICLE{scbibAPPLE,
  author = {Rogozhkin, S. V. and Aleev, A. A. and Lukyanchuk, A. A. and Shutov, A.S. and Raznitsyn, O. A. and Kirillov, S. E.},
  title = {An Atom Probe Tomography Prototype with Laser Evaporation},
  journal = {Instruments and Experimental Techniques},
  year = {2017},
  volume = {60},
  number = {3},
  pages = {428--433},
  language = {english},
  authorscopus = {true},
  authorwos = {true},
  addendum = {(Scopus, WoS)},  
}

@ARTICLE{scbibAlumYAFI,
	author = {Лукьянчук, А. А. and Рогожкин, С. В. and Разницын, О. А. and Шутов, А. С. and Алеев, А. А.},
	title = {Исследование наноструктуры сплава Al--Mg--Si методом атомно-зондовой томографии с лазерным испарением},
	journal = {Ядерная физика и инжиниринг},
	year = {2017},
	volume = {8},
	number = {2},
	pages = {150--152},
	language = {russian},
	authorvak = {true},
	addendum = {(ВАК)},
	DOI = {10.1134/S2079562917020208},
}

@ARTICLE{scbibOptParamsYAFI,
	author = {Разницын, О. А. and Лукьянчук, А. А. and Шутов, А. С. and Рогожкин, С. В. and Алеев, А. А.},
	title = {Оптимизация параметров лазера для исследований сплавов на атомно-зондовом томографе с лазерным испарением},
	journal = {Ядерная физика и инжиниринг},
	year = {2017},
	volume = {8},
	number = {2},
	pages = {138--140},
	language = {russian},
	authorvak = {true},
	addendum = {(ВАК)},
}

@ARTICLE{scbibAlCaLaTorgom,
	author = {Akopyan, T. K. and Belov, N. A. and Lukyanchuk, A. A. and Letyagin, N. V. and Sviridova, T. A. and Petrova, A. N. and Fortuna, A. S. and Musin, A. F.},
	title = {Effect of high pressure torsion on the precipitation hardening in Al–Ca–La based eutectic alloy},
	journal = {Materials Science and Engineering: A},
	year = {2021},
	volume = {802},
	pages = {140633},
	language = {english},
	authorscopus = {true},
	authorwos = {true},
	addendum = {(Scopus, WoS)},
	DOI = {https://doi.org/10.1016/j.msea.2020.140633},
}

@ARTICLE{scbibDensity,
	author = {Lukyanchuk, A. A. and Aleev, A. A. and Shutov, A. S. and Raznitsyn, O. A. and Kirillov, C. E. and Rogozhkin, S. V.},
	title = {Atom probe tomography data reconstruction with the correction on material density},
	journal = {Physics of Atomic Nuclei},
	year = {2021},
	volume = {84},
	number = {11},
	pages = {1836--1842},
	language = {english},
	authorscopus = {true},
	authorwos = {true},
	addendum = {(Scopus, WoS)},
	DOI = {10.1134/S1063778821120048},
}

@ARTICLE{scbibSurface,
	author = {Rogozhkin, S. V. and Lukyanchuk, А. А. and Raznitsyn, O. A. and  Shutov, A. S. and Nikitin, A. A. and Khomich, A. A. and Iskandarov, N. A.},
	title = {Atom probe tomography analysis of materials using femtosecond-laser evaporation},
	journal = {Journal of Surface Investigation: X-ray, Synchrotron and Neutron Techniques},
	year = {2018},
	volume = {12},
	number = {3},
	pages = {452--459},
	language = {english},
	authorscopus = {true},
	authorwos = {true},
	addendum = {(Scopus, WoS)},
	DOI = {10.1134/S1027451018030175},
}
@ARTICLE{scbibAPPLEvsATLAS,
	author = {Lukyanchuk, A. A. and Raznitsyn, O. A. and Shutov, A. S. and Aleev, A. A. and Klauz, A. V. and Butov, N. A. and Rudskoy, B. V. and Akopyan, T. K. and Rogozhkin, S. V.},
	title = {Influence of type and configuration of the atom probe tomography 	setup with laser evaporation on the data reconstruction accuracy},
	journal = {Physics of Atomic Nuclei},
	year = {2021},
	volume = {84},
	number = {12},
	pages = {2004--2009},
	language = {english},
	authorscopus = {true},
	authorwos = {true},
	addendum = {(Scopus, WoS)},
	DOI = {10.1134/S106377882112005X},
}