% ГОСТ Р 7.0.11-2011, Приложение Б, Книги
@ARTICLE{Muller56,
  author = {Muller, E. W.},
  title = {Field Desorption},
  journal = {Physical Review},
  year = {1956},
  volume = {102},
  number = {3},
  pages = {618-624},
  language = {english},
  DOI = {https://doi.org/10.1103/PhysRev.102.618}
}

@ARTICLE{Kellogg81,
	author = {Kellogg, G. L.},
	title = {Determining the field emitter temperature during laser irradiation in the pulsed laser atom probe},
	journal = {Journal of Applied Physics},
	year = {1981},
	volume = {52},	
	pages = {5320-5328},
	language = {english},
	DOI = {https://doi.org/10.1063/1.329390}
}

@ARTICLE{Kellogg84,
	author = {Muller, E. W.},
	title = {Measurement of activation energies for field evaporation of tungsten ions as a function of electric field},
	journal = {Physical Review B},
	year = {1984},
	volume = {29},
	number = {8},
	pages = {4304},
	language = {english},
	DOI = {https://doi.org/10.1103/PhysRevB.29.4304}
}
@ARTICLE{Wada84,
	author = {Wada, M.},
	title = {On the thermally activated field evaporation of surface atoms},
	journal = {Surface Science},
	year = {1984},
	volume = {145},
	number = {2-3},
	pages = {451-465},
	language = {english},
	DOI = {https://doi.org/10.1016/0039-6028(84)90093-1}
}
@ARTICLE{Gomer84,
	author = {Gomer, R. and Swanson, L. W.},
	title = {Theory of Field Desorption},
	journal = {Journal of Chemical Physics},
	year = {1963},
	volume = {38},	
	pages = {1613},
	language = {english},
	DOI = {https://doi.org/10.1063/1.1776932}
}
@ARTICLE{Tsong78,
	author = {Tsong, T. T.},
	title = {Measurement of the field evaporation rate of several transition metals},
	journal = {Journal of Physics F: Metal Physics},
	year = {1978},
	volume = {8},
	number = {7},	
	pages = {1349-1352},
	language = {english},
	DOI = {https://doi.org/10.1088/0305-4608/8/7/008}
}
@ARTICLE{Tsong782,
	author = {Tsong, T. T.},
	title = {Field ion image formation},
	journal = {Surface Science},
	year = {1978},
	volume = {70},
	number = {1},	
	pages = {211-233},
	language = {english},
	DOI = {https://doi.org/10.1016/0039-6028(78)90410-7}
}
@ARTICLE{Brandon65,
	author = {Brandon, D. G.},
	title = {The structure of field-evaporated surfaces},
	journal = {Surface Science},
	year = {1965},
	volume = {3},
	number = {1},	
	pages = {1-18},
	language = {english},
	DOI = {https://doi.org/10.1016/0039-6028(65)90014-2}
}
@ARTICLE{Kellogg80,
	author = {Kellogg, G. L. and Tsong, T. T.},
	title = {Pulsed‐laser atom‐probe field‐ion microscopy},
	journal = {Journal of Applied Physics},
	year = {1980},
	volume = {51},
	number = {2},	
	pages = {1184-1193},
	language = {english},
	DOI = {https://doi.org/10.1063/1.327686}
}
@ARTICLE{Vurpillot06,
	author = {Vurpillot, F. and Gault, B. and Vella, M. and Bouet, B. and Deconihout, B},
	title = {Estimation of the cooling times for a metallic tip under laser illumination},
	journal = {Applied Physics Letters},
	year = {2006},
	volume = {88},
	number = {9},	
	pages = {094105},
	language = {english},
	DOI = {https://doi.org/10.1063/1.2181654}
}
@ARTICLE{Muller68,
	author = {Muller, E. W. and Panitz, J. A. and McLane, S. B.},
	title = {The Atom‐Probe Field Ion Microscope},
	journal = {Review of Scientific Instruments},
	year = {1968},
	volume = {39},
	number = {1},	
	pages = {83-86},
	language = {english},
	DOI = {https://doi.org/10.1063/1.1683116}
}
@ARTICLE{Shutov19,
	author = {Shutov, A.S. and Lukyanchuk, A. A. and Rogozhkin, S. V. and Raznitsyn, O. A. and Nikitin, A. A. and  Aleev, A. A. and Kirillov, S. E.},
	title = {Optimization of Mass Reconstruction Algorithm for Atom Probe Tomography Analysis},
	journal = {Physics of Atomic Nuclei},
	year = {2019},
	volume = {82},
	number = {9},	
	pages = {1292-1301},
	language = {english},
	DOI = {https://doi.org/10.1134/S1063778819090096}
}
@ARTICLE{Cadel09,
	author = {Cadel, E. and Vurpillot, F. and Larde, R. and Duguay, S. and Deconihout, B},
	title = {Depth resolution function of the laser assisted tomographic atom probe in the investigation of semiconductors},
	journal = {Journal of Applied Physics},
	year = {2009},
	volume = {106},
	number = {4},	
	pages = {044908},
	language = {english},
	DOI = {https://doi.org/10.1063/1.3186617}
}
@ARTICLE{DaCosta05,
	author = {Da Costa, G. and Vurpillot, F. and Bostel, M and Deconihout, B},
	title = {Design of a delay-line position-sensitive detector with improved performance},
	journal = {Review of Scientific Instruments},
	year = {2005},
	volume = {76},
	number = {1},	
	pages = {013304},
	language = {english},
	DOI = {https://doi.org/10.1063/1.1829975}
}
@ARTICLE{Jagutzki05,
	author = {Jagutzki, O. and Cerezo, A. and Czasch, A. and Dorner, R. and Hattas, M. and Huang, M and Mergel, V. and Spillmann, U. and Ullmann-Pfleger, K. and Weber, T. and Schmidt-Bocking, H. and Smith, G.D.W.},
	title = {Multiple hit readout of a microchannel plate detector with a three-layer delay-line anode},
	journal = {IEEE Transactions on Nuclear Science},
	year = {2002},
	volume = {49},
	number = {5},	
	pages = {2477-2483},
	language = {english},
	DOI = {https://doi.org/10.1109/TNS.2002.803889}
}
@online{Hamamatsu,
	url = {https://www.hamamatsu.com/jp/en.html},
	urldate = {05.12.2023},
	title = {Микроканльные пластины HAMAMATSU},
}
@ARTICLE{Bas95,
	author = {Bas, P. and Bostel, A. and Deconihout, B and Blavette D.},
	title = {A general protocol for the reconstruction of 3D atom probe data},
	journal = {Applied Surface Science},
	year = {1995},
	volume = {87-88},	
	pages = {298-304},
	language = {english},
	DOI = {https://doi.org/10.1016/0169-4332(94)00561-3}
}
@ARTICLE{Shutov18,
	author = {Шутов, А. С. and Лукьянчук, А. А. and Рогожкин, С. В. and Разницын, О. А. and Никитин, А. А. and Алеев, А. А. and Кириллов, С. Е.},
	title = {ОПТИМИЗАЦИЯ БАЗОВОГО АЛГОРИТМА ВОССТАНОВЛЕНИЯ МАСС ДЛЯ ТОМОГРАФИЧЕСКОГО АТОМНО-ЗОНДОВОГО АНАЛИЗА},
	journal = {Ядерная физика и инжиниринг},
	year = {2018},
	volume = {9},
	number = {4},	
	pages = {371--381},
	language = {russian},
	DOI = {https://doi.org/10.1134/S2079562918040176}
}
@ARTICLE{Porollo04,
	author = {Porollo, S. I. and Dvoriashin, A. M. and Konobeev, Yu. V. and Garner, F. A.},
	title = {Microstructure and mechanical properties of ferritic/martensitic steel EP-823 after neutron irradiation to high doses in BOR-60},
	journal = {Journal of Nuclear Materials},
	year = {2004},
	volume = {239--333},
	number = {Part A},	
	pages = {314--318},
	language = {english},
	DOI = {https://doi.org/10.1016/j.jnucmat.2004.04.310}
}
@ARTICLE{Belov22,
	author = {Belov, N. A. and Akopyan, T. K. and Kototkova, N. O. and Shurkin, P. K. and Timofeev, V. N. and Raznitsyn, O. A. and Sviridova, T. A.},
	title = {Structure and heat resistance of high strength Al–3.3\%Cu–2.5\%Mn–0.5\%Zr (wt\%) conductive wire alloy manufactured by electromagnetic casting},
	journal = {Journal of Alloys and Compounds},
	year = {2022},
	volume = {891},	
	pages = {161948},
	language = {english},
	DOI = {https://doi.org/10.1016/j.jallcom.2021.161948}
}
@ARTICLE{Belov21,
	author = {Belov, N. A. and Akopyan, T. K. and Kototkova, N. O. and Timofeev, V. N. and Shurkin, P. K.},
	title = {Effect of cold rolling and annealing temperature on structure, hardness and electrical conductivity of rapidly solidified alloy of Al–Cu–Mn–Zr system},
	journal = {Materials Letters},
	year = {2021},
	volume = {300},	
	pages = {130199},
	language = {english},
	DOI = {https://doi.org/10.1016/j.matlet.2021.130199}
}
@ARTICLE{Danoix071,
	author = {Danoix, F. and Grancher, G. and Bostel, A. and Blavette, D.},
	title = {Standard deviations of composition measurements in atom probe analyses. Part I: Conventional 1D atom probe},
	journal = {Ultramicroscopy},
	year = {2007},
	volume = {107},
	number = {9},	
	pages = {734--738},
	language = {english},
	DOI = {https://doi.org/10.1016/j.ultramic.2007.02.006}
}
@ARTICLE{Danoix072,
	author = {Danoix, F. and Grancher, G. and Bostel, A. and Blavette, D.},
	title = {Standard deviations of composition measurements in atom probe analyses—Part II: 3D atom probe},
	journal = {Ultramicroscopy},
	year = {2007},
	volume = {107},
	number = {9},	
	pages = {739--743},
	language = {english},
	DOI = {https://doi.org/10.1016/j.ultramic.2007.02.005}
}
@ARTICLE{Tang10,
	author = {Tang, F. and Gault, B. and Ringer, S. P. and Cairney, J. M.},
	title = {Optimization of pulsed laser atom probe (PLAP) for the analysis of nanocomposite Ti–Si–N films},
	journal = {Ultramicroscopy},
	year = {2010},
	volume = {110},
	number = {7},	
	pages = {836--843},
	language = {english},
	DOI = {https://doi.org/10.1016/j.ultramic.2010.03.003}
}
@ARTICLE{Geuser07,
	author = {De Geuser, F. and Gault, B. and Bostel, B. and Vurpillot, F.},
	title = {Correlated field evaporation as seen by atom probe tomography},
	journal = {Surface Science},
	year = {2007},
	volume = {601},
	number = {2},	
	pages = {536--543},
	language = {english},
	DOI = {https://doi.org/10.1016/j.susc.2006.10.019}
}
@ARTICLE{Hellman07,
	author = {Hellman, O. C. and Vandenbroucke, J. A. and Rusing, J. and Isheim, D. and Seidman, D. N.},
	title = {Analysis of Three-dimensional Atom-probe Data by the Proximity Histogram},
	journal = {Microscopy and Microanalysis},
	year = {2000},
	volume = {6},
	number = {5},	
	pages = {437--444},
	language = {english},
	DOI = {https://doi.org/10.1007/S100050010051}
}









@BOOK{Sokolov,
  author = {Соколов, А. Н. and Сердобинцев, К. С.},
  editor = {Бочарова, В. М.},
  address = {Астрахань},
  publisher = {Калиниградский ЮИ МВД России},
  title = {Гражданское общество: проблемы формирования и развития (философский и юридический аспекты) : монография},
  year = {2009},
  numpages = {218},
  language = {russian}
}

@BOOK{Gaidaenko,
  author = {Гайдаенко, Т. А.},
  title = {Маркетинговое управление: принципы управленческих решений и российская практика},
  edition = {{}3-е изд, перераб. и доп.},
  address = {М.},
  publisher = {Эксмо: МИРБИС},
  year = {2008},
  numpages = {508},
  language = {russian}
}

@BOOK{Lermontov,
  author = {Лермонтов, Михаил Юрьевич},
  title = {Собрание сочинений: в 4 т.},
  address = {М.},
  publisher = {Терра-Кн. клуб},
  year = {2009},
  note = {4 т.},
  language = {russian}
}

@BOOK{Management,
  title = {Управление бизнесом : сборник статей},
  address = {Нижний новгород},
  publisher = {Изд-во Нижегородского университета},
  year = {2009},
  numpages = {243},
  language = {russian}
}

@BOOK{Borozda,
  author = {Борозда, И. В. and Воронин, Н. И. and Бушманов, А. В.},
  title = {Лечение сочетанных повреждений таза},
  address = {Владивосток},
  publisher = {Дальнаука},
  year = {2009},
  numpages = {195},
  language = {russian}
}

@BOOK{Marketing,
  author = {Михненков, О. В. and Коготкова, И. З. and Генкин, Е. В. and Сороко, Г. Я.},
  title = {Маркетинговые исследования в строительстве : учебное пособие для студентов специальности «Менеджмент организаций»},
  address = {М.},
  publisher = {Государственный университет управления},
  year = {2005},
  numpages = {59},
  language = {russian}
}

% ГОСТ Р 7.0.11-2011, Приложение Б, Нормативные правовые акты
@BOOK{Constitution,
  title = {Конституция Российской Федерации : офиц. текст.},
  address = {М.},
  publisher = {Маркетинг},
  year = {2001},
  numpages = {39},
  language = {russian}
}

@BOOK{FamilyCode,
  title = {Семейный кодекс Российской Федерации : [федер. закон: принят Гос. Думой 8 дек. 1995~г. : по состоянию на 3~янв. 2001~г.]},
  address = {СПб.},
  publisher = {Стаун-кантри},
  year = {2001},
  numpages = {94},
  language = {russian}
}

% ГОСТ Р 7.0.11-2011, Приложение Б, Стандарты
@BOOK{Gost.7.0.53,
  title = {ГОСТ Р 7.0.53-2007 Система стандартов по информации, библиотечному и издательскому делу. Издания. Международный стандартный книжный номер. Использование и издательское оформление.},
  address = {М.},
  publisher = {Стандартинформ},
  year = {2007},
  numpages = {5},
  language = {russian}
}

% ГОСТ Р 7.0.11-2011, Приложение Б, Депонированные научные работы
@BOOK{Razumovski,
  author = {Разумовский, В. А. and Андреев, Д. А.},
  title = {Управление маркетинговыми исследованиями в регионе},
  address = {М.},
  year = {2002},
  numpages = {210},
  note = {Деп. в ИНИОН Рос. акад. наук 15.02.02, № 139876},
  language = {russian}
}

% ГОСТ Р 7.0.11-2011, Приложение Б, Диссертации
@BOOK{Lagkueva,
  author = {Лагкуева, Ирина Владимировна},
  title = {Особенности регулирования труда творческих работников театров : дис. ... канд. юрид. наук : 12.00.05},
  address = {М.},
  year = {2009},
  numpages = {168},
  language = {russian}
}

@BOOK{Pokrovski,
  author = {Покровский, Андрей Владимирович},
  title = {Устранимые особенности решений эллиптических уравнений : дис. ... д-ра физ.-мат. наук : 01.01.01},
  address = {М.},
  year = {2008},
  numpages = {178},
  language = {russian}
}

% ГОСТ Р 7.0.11-2011, Приложение Б, Авторефераты диссертаций
@BOOK{Sirotko,
  author = {Сиротко, Владимир Викторович},
  title = {Медико-социальные аспекты городского травматизма в современных условиях : автореф. дис. ... канд. мед. наук : 14.00.33},
  address = {М.},
  year = {2006},
  numpages = {26},
  language = {russian}
}

% !!! этот пример НЕ работает с bibtex
% Тот же пример, с использованием https://www.ctan.org/pkg/biblatex-gost
@THESIS{Sirotko2,
  author =       {Сиротко, Владимир Викторович},
  title =        {Медико-социальные аспекты городского травматизма в современных условиях},
  media =        {text},
  type =         {phdautoref},
  science =      {мед. наук},
  specialitycode ={14.00.33},
  address =      {М.},
  year =         {2006},
  pagetotal =    {26},
  language =     {russian},
}

@BOOK{Lukina,
  author = {Лукина, Валентина Александровна},
  title = {Творческая история «Записок охотника» И. С. Тургенева : автореф. дис. ... канд. филол. наук : 10.01.01},
  address = {СПб.},
  year = {2006},
  numpages = {26},
  language = {russian}
}

% !!! этот пример НЕ работает с bibtex
% Тот же пример, с использованием https://www.ctan.org/pkg/biblatex-gost
@THESIS{Lukina2,
  author =       {Лукина, Валентина Александровна},
  title =        {Творческая история «Записок охотника» И. С. Тургенева},
  media =        {text},
  type =         {phdautoref},
  science =      {филол. наук},
  specialitycode ={10.01.01},
  address =      {СПб.},
  year =         {2006},
  pagetotal =    {26},
  language =     {russian},
}

% ГОСТ Р 7.0.11-2011, Приложение Б, Отчёты о научно-исследовательской работе
@BOOK{Methodology,
  author = {Загорюев, А. Л.},
  title = {Методология и методы изучения военно-профессиональной направленности подростков : отчёт о НИР},
  address = {Екатеринбург},
  institution = {Уральский институт практической психологии},
  year = {2008},
  numpages = {102},
  language = {russian}
}

% ГОСТ Р 7.0.11-2011, Приложение Б, Электронные ресурсы
@BOOK{Encyclopedia,
  title = {Художественная энциклопедия зарубежного классического искусства [Электронный ресурс]},
  address = {М.},
  publisher = {Большая Рос. энкцикл.},
  year = {1996},
  note = {1 электрон. опт. диск (CD-ROM)},
  language = {russian}
}

% !!! этот пример НЕ работает с bibtex
% Тот же пример, с использованием https://www.ctan.org/pkg/biblatex-gost
@BOOK{Encyclopedia2,
  title = {Художественная энциклопедия зарубежного классического искусства},
  address = {М.},
  media = {eresource},
  publisher = {Большая Рос. энкцикл.},
  year = {1996},
  note = {1 электрон. опт. диск (CD-ROM)},
  language = {russian},
}

@ARTICLE{Nasirova,
  author =       {Насырова, Г. А.},
  title =        {Модели государственного регулирования страховой деятельности
                  [Электронный ресурс]},
  journal =      {Вестник Финансовой академии},
  year =         {2003},
  number =       {4},
  note =         {Режим доступа: http://vestnik.fa.ru/4(28)2003/4.html},
  language =     {russian}
}

@ARTICLE{Nasirova2,
  author = {Насырова, Г. А.},
  title = {Модели государственного регулирования страховой деятельности},
  journal = {Вестник Финансовой академии},
  year = {2003},
  media = {eresource},
  number = {4},
  note = {Режим доступа: http://vestnik.fa.ru/4(28)2003/4.html},
  language = {russian}
}

% ГОСТ Р 7.0.11-2011, Приложение Б, Статьи

@ARTICLE{Berestova,
  author = {Берестова, Т. Ф.},
  title = {Поисковые инструменты библиотеки},
  journal = {Библиография},
  year = {2006},
  number = {4},
  pages = {19},
  language = {russian}
}

@ARTICLE{Kriger,
  author = {Кригер, И.},
  title =  {Бумага терпит},
  journal = {Новая газета},
  year = {2009},
  note = {1 июля},
  language = {russian}
}


% Examples from https://verbosus.com/bibtex-style-examples.html
@ARTICLE{Article,
  author   = {Peter Adams},
  title    = {The title of the work},
  journal  = {The name of the journal},
  year     = {1993},
  number   = {2},
  pages    = {201-213},
  month    = {7},
  note     = {An optional note},
  volume   = {4},
  language = {english}
}

@BOOK{Book,
  author    = {Peter Babington},
  title     = {The title of the work},
  publisher = {The name of the publisher},
  year      = {1993},
  volume    = {4},
  series    = {10},
  address   = {The address},
  edition   = {3},
  month     = {7},
  note      = {An optional note},
  isbn      = {3257227892},
  language  = {english}
}

@BOOKLET{Booklet,
  title        = {The title of the work},
  author       = {Peter Caxton},
  howpublished = {How it was published},
  address      = {The address of the publisher},
  month        = {7},
  year         = {1993},
  note         = {An optional note},
  language     = {english}
}

@CONFERENCE{Conference,
  author       = {Peter Draper},
  title        = {The title of the work},
  booktitle    = {The title of the book},
  year         = {1993},
  editor       = {The editor},
  volume       = {4},
  series       = {5},
  pages        = {213},
  address      = {The address of the publisher},
  month        = {7},
  organization = {The organization},
  publisher    = {The publisher},
  note         = {An optional note},
  language     = {english}
}

@INBOOK{Inbook,
  author       = {Peter Eston},
  title        = {The title of the work},
  booktitle    = {Book title},
  chapter      = {8},
  pages        = {201-213},
  publisher    = {The name of the publisher},
  year         = {1993},
  volume       = {4},
  series       = {5},
  address      = {The address of the publisher},
  edition      = {3},
  month        = {7},
  note         = {An optional note},
  language     = {english}
}

@INCOLLECTION{Incollection,
  author       = {Peter Farindon},
  title        = {The title of the work},
  booktitle    = {The title of the book},
  publisher    = {The name of the publisher},
  year         = {1993},
  editor       = {The editor},
  volume       = {4},
  series       = {5},
  chapter      = {8},
  pages        = {201-213},
  address      = {The address of the publisher},
  edition      = {3},
  month        = {7},
  note         = {An optional note},
  language     = {english}
}

@MANUAL{Manual,
  title        = {The title of the work},
  author       = {Peter Gainsford},
  organization = {The organization},
  address      = {The address of the publisher},
  edition      = {3},
  month        = {7},
  year         = {1993},
  note         = {An optional note},
  language     = {english}
}

@MASTERSTHESIS{Mastersthesis,
  author       = {Peter Harwood},
  title        = {The title of the work},
  school       = {The school where the thesis was written},
  year         = {1993},
  address      = {The address of the publisher},
  month        = {7},
  note         = {An optional note},
  language     = {english}
}

@MISC{Misc,
  author       = {Peter Isley},
  title        = {The title of the work},
  howpublished = {How it was published},
  month        = {7},
  year         = {1993},
  note         = {An optional note},
  language     = {english}
}

@PHDTHESIS{Phdthesis,
  author       = {Peter Joslin},
  title        = {The title of the work},
  school       = {The school where the thesis was written},
  year         = {1993},
  address      = {The address of the publisher},
  month        = {7},
  note         = {An optional note},
  language     = {english}
}

@PROCEEDINGS{Proceedings,
  title        = {The title of the work},
  year         = {1993},
  editor       = {Peter Kidwelly},
  volume       = {4},
  series       = {5},
  address      = {The address of the publisher},
  month        = {7},
  organization = {The organization},
  publisher    = {The name of the publisher},
  note         = {An optional note},
  language     = {english}
}

@TECHREPORT{Techreport,
  author       = {Peter Lambert},
  title        = {The title of the work},
  institution  = {The institution that published},
  year         = {1993},
  number       = {2},
  address      = {The address of the publisher},
  month        = {7},
  note         = {An optional note},
  language     = {english}
}

@UNPUBLISHED{Unpublished,
  author       = {Peter Marcheford},
  title        = {The title of the work},
  note         = {An optional note},
  month        = {7},
  year         = {1993},
  language     = {english}
}

%%% Реальные примеры

% Инициалы должны быть записаны после запятой, с точками, через пробел
% http://www.kit-e.ru/articles/elcomp/2006_12_124.php
% Подчёркивания в ссылке приходится экранировать
% http://www.kit-e.ru/articles/elcomp/2006\_12\_124.php
@online{medvedev2006jelektronnye,
  title={Электронные компоненты и монтажные подложки},
  author={Медведев, А. М.},
  journal={Компоненты и технологии},
  number={12},
  pages={124--134},
  year={2006},
  medium={Электронный ресурс},
  url = {http://www.kit-e.ru/articles/elcomp/2006\_12\_124.php},
  urldate = {19.01.2015},
  language = {russian}
}

% Real example
% & в названии журнала надо экранировать
% 10.1002/1521-4125(200007)23:7<581::AID-CEAT581>3.0.CO;2-P
% < > в ссылке приходится экранировать %3C и %3E, а потом ещё знаки процента в них экранировать
% 10.1002/1521-4125(200007)23:7%3C581::AID-CEAT581%3E3.0.CO;2-P
% 10.1002/1521-4125(200007)23:7\%3C581::AID-CEAT581\%3E3.0.CO;2-P
% url не нужен. если запись о бумажной публикации
@article {CEAT:CEAT581,
  author = {Deiters, U. K.},
  title = {A Modular Program System for the Calculation of Thermodynamic Properties of Fluids},
  journal = {Chemical Engineering \& Technology},
  volume = {23},
  number = {7},
  publisher = {WILEY-VCH Verlag},
  issn = {1521-4125},
  doi = {10.1002/1521-4125(200007)23:7<581::AID-CEAT581>3.0.CO;2-P},
  pages = {581--584},
  year = {2000},
  language = {english}
}

% Real with  4 authors
@article{doi:10.1080/01932691.2010.513279,
  author = {Young-Sang Cho and Young Kuk Kim and Kook Chae Chung and Chul Jin Choi },
  title = {Deformation of Colloidal Crystals for Photonic Band Gap Tuning},
  journal = {Journal of Dispersion Science and Technology},
  volume = {32},
  number = {10},
  pages = {1408-1415},
  year = {2011},
  doi = {10.1080/01932691.2010.513279},
  language = {english}
}

% doi with (), author with umlaut or other unicode or specific symbols, 9 authors
% latex don't like Gösele1999161 in ref
% Умляуты в авторах понимаются из-за поддержки в юникодной странице pdflatex и xelatex
% Иллюстрация того, что будет. если на английской записи будут поставлена пометка, что язык русский
@article{Gosele1999161,
  title = "Wafer bonding for microsystems technologies",
  journal = "Sensors and Actuators A: Physical",
  volume = "74",
  number = "1–3",
  pages = "161 - 168",
  year = "1999",
  issn = "0924-4247",
  doi = "10.1016/S0924-4247(98)00310-0",
  author = "Gösele, U. and Tong, Q.-Y. and Schumacher, A. and Kräuter, G. and Reiche, M. and Plößl, A. and Kopperschmidt, P. and Lee, T.-H. and Kim, W.-J.",
  keywords = "Wafer bonding",
  keywords = "Fusion bonding",
  keywords = "Pressure sensors",
  keywords = "Interface reactions",
  keywords = "Hydrophilic bonding",
  keywords = "Hydrophobic bonding",
  language = {russian}
}

% Real example (from Google or Springer)
% unmodified styles don't know %language = {English}
% язык писать с маленьких
% иллюстрация incollection
% 10.1007/0-387-32989-7_45
% Подчёркивания в DOI приходится экранировать
% 10.1007/0-387-32989-7\_45
@incollection{Li2007StressAnalysis,
  year={2007},
  isbn={978-0-387-27974-9},
  booktitle={Micro- and Opto-Electronic Materials and Structures: Physics, Mechanics, Design, Reliability, Packaging},
  editor={Suhir, E. and Lee, Y. C. and Wong, C. P.},
  doi={10.1007/0-387-32989-7_45},
  title={Stress Analysis for Processed Silicon Wafers and Packaged Micro-devices},
  publisher={Springer US},
  author={Li, Li and Guo, Yifan and Zheng, Dawei},
  pages={B677-B709},
  language={english}
}

% Real, β sign
% inputenc don't know β sign %aluminosilicate-β-quartz
% Знаки типа β, которые не знает таблица кодировки, с которой работает компилятор нужно заменять на latex команды
% doi должен быть без http://dx.doi.org/
@article{Shoji199895,
title = "Low-temperature anodic bonding using lithium aluminosilicate-\(\beta\)-quartz glass ceramic",
journal = "Sensors and Actuators A: Physical",
volume = "64",
number = "1",
pages = "95 - 100",
year = "1998",
note = "Tenth {IEEE} International Workshop on Micro Electro Mechanical Systems ",
issn = "0924-4247",
doi = "10.1016/S0924-4247(97)01659-2",
author = {Shuichi Shoji and Hiroto Kikuchi and Hirotaka Torigoe},
keywords = "Anodic bonding",
keywords = "Low-temperature bonding",
keywords = "Micro assembly",
keywords = "Micro package",
keywords = "Glass ceramic",
}


% from urlbst package
% Example from Jason Eisner, by mail (nothing special about the entry,
% but he seemed to be having formatting problems with unsrturl and proceedings
% entries.
% http://cs.jhu.edu/~jason/papers/#icassp07
@InProceedings{test:eisner-sample,
  author =       {Damianos Karakos and Sanjeev Khudanpur and Jason
                  Eisner and Carey~E. Priebe},
  title =        {Iterative denoising using {J}ensen-{R}enyi
                  divergences with an application to unsupervised
                  document categorization},
  booktitle =    {Proceedings of ICASSP},
  year =         2007,
  url =          {http://cs.jhu.edu/~jason/papers/\#icassp07}
}

@InProceedings{test:eisner-sample-shorted,
  author =       {Damianos Karakos and Sanjeev Khudanpur and Jason
                  Eisner and Carey~E. Priebe},
  title =        {Iterative denoising using {J}ensen-{R}enyi
                  divergences with an application to unsupervised
                  document categorization},
  booktitle =    {Proceedings of ICASSP},
  shortbooktitle = {Proc. of ICASSP},
  year =         2007,
  url =          {http://cs.jhu.edu/~jason/papers/\#icassp07}
}

% Попытка записать патент имеющимися средствами
@Book{iofis_patent1960,
  title                    = {Способ пайки керамики с~керамикой и~стекла с~металлом : а.\,с.~126728 СССР},
  author                   = {Иофис, Н. А.},
  year                     = {1960},
  numpages                 = {Бюл. № 5.~1},
  language                 = {russian}
}

% Попытка записать патент имеющимися средствами
@Book{AB_patent_Pomerantz_1968,
  title                    = {Anodic bonding : patent no. 3397278 US},
  author                   = {Pomerantz, D. I.},
  year                     = {1968},
  language                 = {english}
}

% !!! этот пример НЕ работает с bibtex
% Примеры оформления патентов из пакета https://www.ctan.org/pkg/biblatex-gost
@Patent{patent2h,
  heading =      {Заявка 1095735 Рос. федерация, МПК\ensuremath{^7} B 64 G 1/00},
  author =       {Тернер, Э. В.},
  authortype =   {США},
  title =        {Одноразовая ракета-носитель},
  media =        {text},
  holder =       {{заявитель Спейс Системз/Лорал, инк.}},
  credits =      {патент. поверенный Егорова Г. Б.},
  reqnumber =    {2000108705/28},
  date =         {2000-04-07},
  publdate =     {2001-03-10},
  publication =  {Бюл. № 7 (I ч.)\midsentence},
  prdate =       {1999-04-09},
  prnumber =     {09/289, 037},
  prcountry =    {countryus},
  pagetotal =    {5 с.~: ил.},
  language =     {russian},
}

@Patent{patent3h,
  heading =      {А. с. 1007970 СССР, МКИ\ensuremath{^3} В 25.1 15/00},
  author =       {В. С. Ваулин and В. Г. Кемайкин},
  authortype =   {СССР},
  title =        {Устройство для захвата неориентированных деталей типа валов},
  media =        {text},
  reqnumber =    {3360585/25-08},
  date =         {1981-11-23},
  publication =  {Бюл. № 12},
  publdate =     {1983-03-30},
  pagetotal =    {2 с.~: ил.},
  language =     {russian},
}

@Patent{patent2,
  author =       {Тернер, Э. В.},
  authortype =   {США},
  title =        {Одноразовая ракета-носитель},
  media =        {text},
  type =         {patreq},
  number =       1095735,
  location =     {countryru},
  ipc =          {МПК\ensuremath{^7} B 64 G 1/00},
  holder =       {{заявитель Спейс Системз/Лорал, инк.}},
  credits =      {патент. поверенный Егорова Г. Б.},
  reqnumber =    {2000108705/28},
  date =         {2000-04-07},
  publdate =     {2001-03-10},
  publication =  {Бюл. № 7 (I ч.)\midsentence},
  prioritydate = {1999-04-09},
  prioritynumber ={09/289, 037},
  prioritycountry ={countryus},
  pagetotal =    {5 с.~: ил.},
  language =     {russian},
}

%%% Использование дополнительных опций biblatex

@Book{sobenin_kdv,
  author =       {О. А. Вальднер and Н. П. Собенин and Б. В. Зверев and И. С. Щедрин},
  options =      {maxnames=4},
  title =        {Диафрагмированные волноводы},
  subtitle =     {Справочник},
  publisher =    {Энергоатомиздат},
  edition =      3,
  year =         1991,
  pagetotal =    280,
  location =     {М.},
  language =     {russian},
  isbn =         {5-283-03960-9},
}

@InProceedings{initials,
  author =       {Ya.Yu. Ivanov},
  title =        {Stabilization of the initials in the bibliography entries},
  booktitle =    {Proc. of {IPAC'10}},
  options =      {giveninits=false},
  pages =        {1234 -- 4321},
  language =     {english},
  venue =        {Kyoto, Japan},
  publisher =    {JACoW Publishing},
  location =     {Geneva},
  month =        5,
  year =         2010,
}
