@Patent{patbib1,
  heading =      {Заявка 1234567 Рос. федерация, МПК\ensuremath{^7} B 64 G 1/00},
  author =       {Иванов, И. И.},
  authortype =   {Российская Федерация},
  title =        {Многоразовая ракета-носитель},
  media =        {text},
  holder =       {заявитель Технологические технологии},
  credits =      {патент. поверенный Егорова Г. Б.},
  reqnumber =    {2000108705/28},
  date =         {2020-01-03},
  publdate =     {2020-01-02},
  publication =  {Бюл. № 7 (I ч.)\midsentence},
  prdate =       {2020-01-01},
  prnumber =     {09/289, 037},
  prcountry =    {countryru},
  pagetotal =    {5 с.~: ил.},
  language =     {russian},
  authorpatent = {yes},
}

@Patent{progbibKVANTM,
  heading =      {Свидетельство о гос. регистрации программы для {ЭВМ}},
  author =       {Алеев, А. А. and Рогожкин, С. В. and Лукьянчук, А. А. and Шутов, А. С. and Разницын, О. А. and Никитин, А. А. and Искандаров, Н. А. and Корчуганова, О. А. and Кириллов, С. Е.},
  title =        {Программный комплекс по восстановлению, обработке и анализу томографических атомно-зондовых данных "KBAHTM-3D" V1.0.0},
  media =        {text},
  holder =       {Федеральное государственное бюджетное учреждение «Институт теоретической и экспериментальной физики имени А.И. Алиханова Национального исследовательского центра «Курчатовский институт» (RU)},
  reqnumber =    {2018661876},
  publdate =     {2018-07-03},
  date =         {2018-09-20},
  prnumber =     {2018616853},
  prcountry =    {countryru},
  language =     {russian},
  authorprogram ={yes},
}
